@inproceedings{UBMsurvey,
    author  = "UBM Tech Electronics",
    title   = "2014 Embedded Market Study - Then, Now: What's Next ?",
    publisher = "2014 results of UBM Tech's annual comprehensive survey of the embedded systems markets worldwide.",
    year    = 2014
}

@mastersthesis{openOCDthesis,
	author       = {Dominic Rath}, 
	title        = {Design and Implementation of an On-Chip Debug Solution for Embedded Target Systems},
	school       = {University of Applied Sciences, Augsburg},
	year         = 2005,
	address      = {Department of Computer Science},
	month        = 5
}

@article{sparcIEEEstd,
	journal={IEEE Std 1754-1994},
	title={{IEEE} Standard for a 32-Bit Microprocessor Architecture},
	year={1995},
	pages={1-},
	keywords={IEEE standards;computer architecture;instruction sets;microprocessor chips;32 bit;32-bit microprocessor architecture;coprocessor interface;data types;instruction op-codes;instruction set;register model;standard;Computer architecture;Computer instructions;IEEE standards;Microprocessors},
	doi={10.1109/IEEESTD.1995.79519},
	month={}
}

@article{sparcV8,
	abstract = {This in-depth guide to Version 8 SPARC, a high-speed RISC computer chip, provides the reader with the background, design philosophy, high-level features and implementations of this new model. Includes an expanded index of terms for easy reference and a table of synthetic instructions added to the suggested assembly language syntax.},
	author = {{SPARC International Inc.}},
	file = {:home/titto/AJIT{\_}Project/AjitRepoV2/docs/references/V8.pdf:pdf},
	isbn = {0138250014},
	pages = {295},
	title = {{The {SPARC} Architecture Manual V8}},
	year = {1992}
}

@phdthesis{AhirThesis,
	author       = {Sameer D. Sahasrabuddhe}, 
	title        = {A competitive pathway from high-level programs to hardware specifications},
	school       = {Indian Institute of Technology, Bombay},
	year         = 2009,
	address      = {IIT Bombay},
	month        = 7
}

@article{gccPipeline,
	author = {Ruttenberg and John and Gao and G. R. and Stoutchinin and A. and Lichtenstein, W.},
	title = {Software Pipelining Showdown: Optimal vs. Heuristic Methods in a Production Compiler},
	journal = {SIGPLAN Not.},
	issue_date = {May 1996},
	volume = {31},
	number = {5},
	month = may,
	year = {1996},
	issn = {0362-1340},
	pages = {1--11},
	numpages = {11},
	url = {http://doi.acm.org/10.1145/249069.231385},
	doi = {10.1145/249069.231385},
	acmid = {231385},
	publisher = {ACM},
	address = {New York, NY, USA},
}

@online{gcc,
	author = {Free Software Foundation},
	title = {{GCC} optimizations},
	year = 2015,
	url = {http://gcc.gnu.org/onlinedocs/gcc/Optimize-Options.html}
}

@MastersThesis{llvm,
	author  = {Chris Lattner},
	title   = "{{LLVM}: An Infrastructure for Multi-Stage Optimization}",
	school  = "{Computer Science Dept., University of Illinois at Urbana-Champaign}",
	year    = {2002},
	address = {Urbana, IL},
	month   = {Dec},
}

@MastersThesis{sarath,
	author  = {M Sarath},
	title   = "{Implementation and Validation of a {SPARC-V8} {CPU}}",
	school  = "{Indian Institue of Technology, Bombay}",
	year    = {2014},
	address = {Mumbai, India},
	month   = {June},
}

@MastersThesis{aneesh,
	author  = {P.D. Aneesh},
	title   = "{Implementation \& Validation of Memory Subsystem Model for {SPARC V8} Processor}",
	school  = "{Indian Institue of Technology, Bombay}",
	year    = {2014},
	address = {Mumbai, India},
	month   = {June},
}

@manual{gdbManual,
	title        = {Debugging with gdb},
	author       = {Richard Stallman and Roland Pesch and Stan Shebs}, 
	organization = {Free Software Foundation},
	address      = {Franklin Street, Boston, USA},
	edition      = 10,
	month        = 2,
	year         = 2011
}

@manual{oracle,
	title        = {Oracle Solaris Studio dbxtool Debugger},
	language = {English},
	organization = {Oracle},
	pagetotal = {4},
	url = {http://www.oracle.com/technetwork/server-storage/solarisstudio/documentation/debuggerproductbrief-197597.pdf}
}

@manual{aaLRM,
	title        = {Aa Language Reference Manual},
	author       = {Madhav Desai},
	organization = {Department of Electrical Engineering, Indian Institute of Technology},
	address      = {Mumbai, 400076, India},
	month        = 3,
	year         = 2016
}
@manual{gaisler,
	title = {{GRMON2} User's Manual},
	language = {English},
	organization = {Cobham {Gaisler} {AB}},
	date = {June, 2016},
	language = {English},
	version = {2.0.75},
	pagetotal = {209},
	url = {http://www.gaisler.com/doc/grmon2.pdf}
}

@online{gdbEmbecosm,
	author = {Jeremy Bennett},
	title = {Howto: {GDB} Remote Serial Protocol },
	year = 2008,
	month = 11,
	url = {http://www.embecosm.com/appnotes/ean4/html/}
}

@manual{scanchainManual,
	title        = {Scan chain based testing mechanism for digital systems},
	author       = {Titto Thomas and Madhav P Desai}, 
	organization = {Wadhwani Electronics Lab},
	address      = {Electrical Engineering Department, IIT Bombay},
	edition      = 2,
	month        = 1,
	year         = 2015
}

@article{riffaPaper,
	author = {Jacobsen, Matthew and Richmond, Dustin and Hogains, Matthew and Kastner, Ryan},
	title = {RIFFA 2.1: A Reusable Integration Framework for FPGA Accelerators},
	journal = {ACM Trans. Reconfigurable Technol. Syst.},
	issue_date = {October 2015},
	volume = {8},
	number = {4},
	month = sep,
	year = {2015},
	issn = {1936-7406},
	pages = {22:1--22:23},
	articleno = {22},
	numpages = {23},
	url = {http://doi.acm.org/10.1145/2815631},
	doi = {10.1145/2815631},
	acmid = {2815631},
	publisher = {ACM},
	address = {New York, NY, USA},
	keywords = {FPGA, communication, framework, integration, synchronization},
} 
